@article{Yin1996WeightedTutorial,
    title = {{Weighted Median Filters: A Tutorial}},
    year = {1996},
    journal = {IEEE Transactions on Circuits and Systems},
    author = {Yin, Lin and Yang, Ruikang and Gabbouj, Moncef and Neuvo, Y.},
    number = {3},
    pages = {157--192},
    volume = {43}
}

@article{CUI2004FPGAGenerator,
    title = {{FPGA implementation of universal random number generator}},
    year = {2004},
    author = {CUI, Wei and LI, Chengshu and SUN, Xin},
    pages = {495--498},
    url = {http://cat.inist.fr/?aModele=afficheN&cpsidt=18163244},
    isbn = {0780384067},
    keywords = {circuit vlsi, circuito vlsi, consommation {\'{e}}nergie {\'{e}}lectrique, distribuci{\'{o}}n aleatoria, distribution al{\'{e}}atoire, exponential distribution, field programmable gate array, generaci{\'{o}}n n{\'{u}}mero aleatorio, g{\'{e}}n{\'{e}}ration nombre al{\'{e}}atoire, high precision, implementaci{\'{o}}n, impl{\'{e}}mentation, ley exponencial, ley uniforme, loi exponentielle, loi uniforme, nombre al{\'{e}}atoire, n{\'{u}}mero aleatorio, power consumption, precisi{\'{o}}n elevada, procesamiento se{\~{n}}al, pr{\'{e}}cision {\'{e}}lev{\'{e}}e, radar, random distribution, random number, random number generation, red puerta programable, r{\'{e}}seau porte programmable, signal processing, simulaci{\'{o}}n, simulation, sistema telecomunicaci{\'{o}}n, syst{\`{e}}me t{\'{e}}l{\'{e}}communication, telecommunication system, traitement signal, uniform distribution, vlsi circuit}
}

@inproceedings{DepengYangPeterson5AnProblem,
    title = {{An FPGA Implementation for Solving Least Square Problem}},
    year = {5},
    booktitle = {Field Programmable Custom Computing Machines, 2009. FCCM '09. 17th IEEE Symposium on },
    author = {Depeng Yang  Peterson, G.D.  Husheng Li  Junqing Sun},
    pages = {303 - 306},
    url = {http://ieeexplore.ieee.org/Xplore/login.jsp?url=http://ieeexplore.ieee.org/iel5/5290879/5290880/05290894.pdf%3Farnumber%3D5290894&authDecision=-203},
    address = { Napa, CA }
}

@inproceedings{AndreRauh2010AQUICKSELECT,
    title = {{A FAST WEIGHTED MEDIAN ALGORITHM BASED ON QUICKSELECT}},
    year = {2010},
    booktitle = {Proceedings of 2010 IEEE 17th International Conference on Image Processing},
    author = {{Andre Rauh} and {Gonzalo R. Arce}},
    publisher = {University of Delaware},
    url = {https://www.securecms.com/ICIP2010/AcceptedList.asp},
    address = {Hong Kong}
}

@article{SantosCapituloPratica,
    title = {{Cap{\'{i}}tulo 1 Internet das Coisas: da Teoria {\`{a}} Pr{\'{a}}tica}},
    author = {Santos, Bruno P and Silva, Lucas A M and Celes, Clayson S F S and Neto, João B Borges and Peres, Bruna S and Augusto, Marcos and Vieira, M and Vieira, Filipe M and Goussevskaia, Olga N and Loureiro, Antonio A F}
}

@inproceedings{Chang2012TheNetworks,
    title = {{The IEEE 802.15.4g standard for smart metering utility networks}},
    year = {2012},
    booktitle = {2012 IEEE 3rd International Conference on Smart Grid Communications, SmartGridComm 2012},
    author = {Chang, Kuor Hsin and Mason, Bob},
    isbn = {9781467309110},
    doi = {10.1109/SmartGridComm.2012.6486030},
    keywords = {IEEE 802.15.4e, IEEE 802.15.4g, MAC, MR-FSK, MR-OFDM, MR-OQPSK, NAN, PHY, SUN, smart grid, smart meter, smart utility networks, wireless communications}
}

@article{Ai2006OnSystems,
    title = {{On the synchronization techniques for wireless OFDM systems}},
    year = {2006},
    journal = {IEEE Transactions on Broadcasting},
    author = {Ai, Bo and Yang, Zhi Xing and Pan, Chang Yong and Ge, Jian Hua and Wang, Yong and Lu, Zhen},
    isbn = {0018-9316},
    doi = {10.1109/TBC.2006.872990},
    issn = {00189316},
    keywords = {Carrier frequency synchronization, Continuous mode and burst packet mode transmission systems, OFDM, Sampling clock synchronization, Symbol timing synchronization}
}

@inproceedings{Kim2011IntegerPHY,
    title = {{Integer frequency offset estimation for IEEE 802.15.4g SUN MR-OFDM PHY}},
    year = {2011},
    booktitle = {5th International Conference on Signal Processing and Communication Systems, ICSPCS'2011 - Proceedings},
    author = {Kim, Byounghak and Choi, Sangsung},
    isbn = {9781457711800},
    doi = {10.1109/ICSPCS.2011.6140847},
    keywords = {CFO, FFO, IFO, OFDM, SUN}
}

@article{MochizukiDevelopment802.15.4g,
    title = {{Development and Field Experiment of Wide Area Wi-SUN System Based on IEEE 802.15.4g}},
    author = {Mochizuki, Kentaro and Obata, Kentaro and Mizutani, Keiichi and Harada, Hiroshi},
    keywords = {Field experiment, GFSK, IEEE 802154g, —Wi-SUN}
}

@article{ObataCarrierSystems,
    title = {{Carrier Frequency Offset Estimation Scheme for IEEE 802.15.4g Based Wide Area Wi-SUN Systems}},
    author = {Obata, Kentaro and Mizutani, Keiichi and Harada, Hiroshi},
    keywords = {CFO, GFSK, Wi-SUN, —IEEE 802154g}
}

@article{ZanellaInternetCities,
    title = {{Internet of Things for Smart Cities}},
    author = {Zanella, Andrea and Bui, Nicola and Castellani, Angelo and Vangelista, Lorenzo and Zorzi, Michele},
    doi = {10.1109/JIOT.2014.2306328}
}

@article{Oh2014AApplications,
    title = {{A fully integrated ieee IEEE 802.15.4g MR-FSK SoC soc for smart utility network applications}},
    year = {2014},
    journal = {IEEE Transactions on Consumer Electronics},
    author = {Oh, Mi Kyung and Kim, Jae Young and Lee, Sangjae and Jeon, Youngae and Choi, Sangsung},
    doi = {10.1109/TCE.2014.7027290},
    issn = {00983063},
    keywords = {IEEE 802.15.4g, MR-FSK, SoC, smart utility network}
}

@article{DeliverableOperation,
    title = {{Deliverable D4.2 Advanced techniques to increase the lifetime of smart objects and ensure low power network operation}},
    keywords = {6LoWPAN Multicast Forwarding, Availability, Compressive Sensing, Congestion-Aware Radio Duty Cycling, Energy-Aware Relays, Heterogeneous Networks, Internet of Things, Low-Power Hardware, Matrix Completion, Multi-Radio Selection, Reliability, Security / Power Consumption Trade-Offs}
}

@article{StandardsCommitteeoftheIEEEComputerSociety2011IEEENetworks,
    title = {{IEEE Std 802.15.4g-2012, IEEE Standard for Local and metropolitan area networks—Part 15.4: Low-Rate Wireless Personal Area Networks (WPANs) Amendment 3: Physical Layer (PHY) Specifications for Low-Data-Rate, Wireless, Smart Metering Utility Networks}},
    year = {2011},
    author = {Standards Committee of the IEEE Computer Society, Man},
    keywords = {IEEE 802.15.4, LR-WPAN, PAN, RF, SUN, WPAN, ad hoc network, low data rate, low power, mobility, personal area network, radio frequency, short range, smart metering utility networks, wireless, wireless personal area network}
}

@inproceedings{Alves2016Architecture802.15.4g,
    title = {{Architecture design and implementation of key components of an OFDM transceiver for IEEE 802.15.4g}},
    year = {2016},
    booktitle = {Proceedings - IEEE International Symposium on Circuits and Systems},
    author = {Alves, D.C. and Da Silva, G.S. and De Lima, E.R. and Chaves, C.G. and Urdaneta, D. and Perez, T. and Garcia, M.},
    number = {},
    volume = {2016-July},
    isbn = {9781479953400},
    doi = {10.1109/ISCAS.2016.7527299},
    issn = {02714310}
}

@article{StandardsCommitteeoftheIEEEComputerSociety2006IEEEWPANs,
    title = {{IEEE Std 802.15.4-2011, IEEE Standard for Local and metropolitan area networks—Part 15.4: Low-Rate Wireless Personal Area Networks (WPANs)}},
    year = {2006},
    author = {Standards Committee of the IEEE Computer Society, Man},
    keywords = {IEEE Std 802.15.4, LR-WPAN, PAN, RF, WPAN, ad hoc network, low data rate, low power, mobility, personal area network, radio frequency, short range, wireless, wireless personal area network}
}

@article{XueAnalysis802.15.4g-2012,
    title = {{Analysis, Simulations and Improvement Proposals of IEEE 802.15.4g-2012}},
    author = {Xue, Liang}
}

@article{Oh2015ComparisonEnvironments,
    title = {{Comparison of SUN and Wi-Fi P2P WSN in M2M Environments}},
    year = {2015},
    journal = {International Journal of Distributed Sensor Networks},
    author = {Oh, Eui Suk and Lee, Seong Hee and Lee, Seong Hyeong and Hwang, Seung Hoon},
    doi = {10.1155/2015/791849},
    issn = {15501477}
}

@article{MaSmartOpportunities,
    title = {{Smart Grid Communication: Its Challenges and Opportunities}},
    author = {Ma, Ruofei and Chen, Hsiao-Hwa and Huang, Yu-Ren and Meng, Weixiao},
    doi = {10.1109/TSG.2012.2225851},
    keywords = {Index Terms—Cognitive radio, smart grid communication, smart utility network, wireless sensor network}
}

@article{NguyenRobustSystem,
    title = {{Robust time and frequency synchronization in 802.11a communication wireless system}},
    author = {Nguyen, Cong Luong}
}

@article{Pollet1995BERNoise,
    title = {{BER sensitivity of OFDM systems to carrier frequency offset and Wiener phase noise}},
    year = {1995},
    journal = {IEEE Transactions on Communications},
    author = {Pollet, Thierry and Van Bladel, Mark and Moeneclaey, Marc},
    isbn = {0090-6778},
    doi = {10.1109/26.380034},
    issn = {00906778},
    pmid = {21891900}
}

@article{ParkDESIGNRECEIVER,
    title = {{DESIGN OF 2W4WSK-POINT FFT PROCESSOR BASED ON CORDIC ALGORITHM IN OFDM RECEIVER}},
    author = {Park, Sang Yoon and Cho, Nam Ik and Lee, Sang Uk and Kim, Kichul and Oh, Jisung}
}

@article{daCosta2006GrayDatapaths,
    title = {{Gray encoded arithmetic operators applied to FFT and FIR dedicated datapaths}},
    year = {2006},
    journal = {IFIP International Federation for Information Processing},
    author = {da Costa, Eduardo A.C. and Monteiro, Jose C. and Bampi, Sergio},
    isbn = {0387334025},
    doi = {10.1007/0-387-33403-3{\_}18},
    issn = {15715736},
    keywords = {DSP architectures, Hybrid encoding, Power consumption}
}

@article{Shin2001PartialSystems,
    title = {{Partial bus-invert coding for power optimization of application-specific systems}},
    year = {2001},
    journal = {IEEE Transactions on Very Large Scale Integration (VLSI) Systems},
    author = {Shin, Youngsoo and Chae, Soo Ik and Choi, Kiyoung},
    isbn = {1581130597},
    doi = {10.1109/92.924059},
    issn = {10638210},
    keywords = {Digital complementary metal-oxide-semiconductor (CMOS), Low-power dissipation, Memory, Switching activity, System level, Tradeoffs}
}

@article{NguyenRobustSystemb,
    title = {{Robust time and frequency synchronization in 802.11a communication wireless system}},
    author = {Nguyen, Cong Luong}
}

@article{Stoica2003TrainingEstimation,
    title = {{Training Sequence Design for Frequency Offset and Frequency-Selective Channel Estimation}},
    year = {2003},
    journal = {IEEE Transactions on Communications},
    author = {Stoica, Petre and Besson, Olivier},
    isbn = {0090-6778},
    doi = {10.1109/TCOMM.2003.819199},
    issn = {00906778},
    keywords = {Channel estimation, Cram{\'{e}}r-Rao bound (CRB), Frequency offset estimation, Frequency-selective channels, Training sequence design}
}

@article{Deneire2001TrainingCommunication,
    title = {{Training Sequence versus Cyclic Prefix— A New Look on Single Carrier Communication}},
    year = {2001},
    journal = {IEEE COMMUNICATIONS LETTERS},
    author = {Deneire, Luc and Gyselinckx, Bert and Engels, Marc},
    number = {7},
    volume = {5},
    keywords = {Index Terms—Frequency division multiplexing, synchroniza-tion}
}

@article{CanetTIMESTANDARD,
    title = {{TIME SYNCHRONIZATION FOR THE IEEE 802.11a/g WLAN STANDARD}},
    author = {Canet, M J and Almenar, V and Mar{\'{i}}n-Roig, J and Valls, J}
}

@article{VanDeBeek1997MLSystems,
    title = {{ML Estimation of Time and Frequency Offset in OFDM Systems}},
    year = {1997},
    journal = {IEEE TRANSACTIONS ON SIGNAL PROCESSING},
    author = {Van De Beek, Jan-Jaap and Sandell, Magnus and B{\"{o}}rjesson, Ola},
    number = {7},
    volume = {45}
}

@article{CanetPERFORMANCEWLANS,
    title = {{PERFORMANCE EVALUATION OF FINE TIME SYNCHRONIZERS FOR WLANS}},
    author = {Canet, M J and Wassell, I J and Valls, J and Almenar, V}
}

@article{SpethFrameChannels,
    title = {{Frame synchronization of OFDM systems in freq,uency selective fading channels}},
    author = {Speth, Michael and Classen, Ferdinand and Meyr, Heinrich}
}

@article{LalosPilot-LessReceivers,
    title = {{Pilot-Less Time Synchronization for OFDM Systems: Application to Power Line Receivers}},
    author = {Lalos, Aris S and Vgenis, Athanasios and Gioulekas, Fotios and Birbas, Michael},
    doi = {10.1155/2016/8532941}
}

@article{A.SaemiV.MeghdadiJP.CancesM.J.SyedFineSystem,
    title = {{Fine Timing and Frequency Synchronization for  MIMO System}},
    author = {A. Saemi, V. Meghdadi, JP. Cances, M.J.Syed, G. Ferre and JM. Dumas}
}

@article{Post-FFTSystems,
    title = {{Post-FFT Fine Frame Synchronization for OFDM systems}}
}