%%@online{WinNT,
%  author = {Gil Press , FORBES 2014,
%  title = {Internet of Things By The Numbers: Market Estimates And %Forecasts},
%  year = 1999,
%  url = %%%{http://web.archive.org/web/20080207010024/http://www.808multimedia.com/winnt/kernel.htm},
 % urldate = {2014-08-22}
}

@INPROCEEDINGS{radix22_fft_torkelson, 
author={Shousheng He and M. Torkelson}, 
booktitle={Proceedings of International Conference on Parallel Processing}, 
title={A new approach to pipeline FFT processor}, 
year={1996}, 
volume={}, 
number={}, 
pages={766-770}, 
keywords={VLSI;computational complexity;delay systems;discrete Fourier transforms;divide and conquer methods;fast Fourier transforms;feedback;hardware description languages;microprocessor chips;parallel algorithms;parallel architectures;pipeline processing;real-time systems;VHDL;VLSI architecture;butterfly structure;data memory;discrete Fourier transforms;divide-and-conquer approach;efficiency;fast Fourier transforms;hardware description language;hardware-oriented radix-22 algorithm;minimal hardware requirement;multiplicative complexity;multipliers;real-time pipeline FFT processor;signal flow graph;simulation;single-path delay-feedback architecture;spatial regularity;twiddle factor decomposition technique;Arithmetic;Computational modeling;Computer architecture;Delay;Flow graphs;Hardware design languages;Helium;Pipelines;Registers;Very large scale integration}, 
doi={10.1109/IPPS.1996.508145}, 
ISSN={}, 
month={Apr},}

@inproceedings{canet2007time,
  title={Time synchronization for the IEEE 802.11 a/g WLAN standard},
  author={Canet, Mar{\'\i}a Jos{\'e} and Almenar, Vicenc and Marin-Roig, Jos{\'e} and Valls, Javier},
  booktitle={Personal, Indoor and Mobile Radio Communications, 2007. PIMRC 2007. IEEE 18th International Symposium on},
  pages={1--5},
  year={2007},
  organization={IEEE}
}


@INPROCEEDINGS{milion_point_sfft, 
author={A. Agarwal and H. Hassanieh and O. Abari and E. Hamed and D. Katabi and Arvind}, 
booktitle={2014 24th International Conference on Field Programmable Logic and Applications (FPL)}, 
title={High-throughput implementation of a million-point sparse Fourier Transform}, 
year={2014}, 
volume={}, 
number={}, 
pages={1-6}, 
keywords={Fourier transforms;field programmable gate arrays;frequency-domain analysis;real-time systems;astronomy;computational biology;data intensive problems;frequency domain;frequency-sparse input data;high-throughput FPGA implementation;high-throughput implementation;medical imaging;million-point sparse Fourier transform;real-time processing;Algorithm design and analysis;Computer architecture;Field programmable gate arrays;Fourier transforms;Indexes;Noise;Vectors}, 
doi={10.1109/FPL.2014.6927450}, 
ISSN={1946-147X}, 
month={Sept},}

@inproceedings{sfft_paper,
 author = {Hassanieh, Haitham and Indyk, Piotr and Katabi, Dina and Price, Eric},
 title = {Simple and Practical Algorithm for Sparse Fourier Transform},
 booktitle = {Proceedings of the Twenty-third Annual ACM-SIAM Symposium on Discrete Algorithms},
 series = {SODA '12},
 year = {2012},
 location = {Kyoto, Japan},
 pages = {1183--1194},
 numpages = {12},
 url = {http://dl.acm.org/citation.cfm?id=2095116.2095209},
 acmid = {2095209},
 publisher = {Society for Industrial and Applied Mathematics},
 address = {Philadelphia, PA, USA},
}

@ARTICLE{pfa_fft, 
author={D. Kolba and T. Parks}, 
journal={IEEE Transactions on Acoustics, Speech, and Signal Processing}, 
title={A prime factor FFT algorithm using high-speed convolution}, 
year={1977}, 
volume={25}, 
number={4}, 
pages={281-294}, 
keywords={Circuit noise;Convolution;Digital filters;Discrete Fourier transforms;Fast Fourier transforms;Microprocessors;Multidimensional signal processing;Signal processing algorithms;Speech processing;Vectors}, 
doi={10.1109/TASSP.1977.1162973}, 
ISSN={0096-3518}, 
month={Aug},}

@article{winograd1978computing,
  title={On computing the discrete Fourier transform},
  author={Winograd, Shmuel},
  journal={Mathematics of computation},
  volume={32},
  number={141},
  pages={175--199},
  year={1978}
}

@article{duhamel1990fast,
  title={Fast Fourier transforms: a tutorial review and a state of the art},
  author={Duhamel, Pierre and Vetterli, Martin},
  journal={Signal processing},
  volume={19},
  number={4},
  pages={259--299},
  year={1990},
  publisher={Elsevier}
}

@book{nuaymi2007wimax,
  title={WiMAX: Technology for Broadband Wireless Access},
  author={Nuaymi, P.L.},
  isbn={9780470028087},
  lccn={2007296519},
  url={https://books.google.com.br/books?id=Kvf5bdM9QlYC},
  year={2007},
  publisher={John Wiley \& Sons}
}

@INPROCEEDINGS{sto_equalization, 
author={D. c. Chang}, 
booktitle={2006 IEEE International Conference on Electro/Information Technology}, 
title={Analysis and Compensation of Channel Correction in Pilot-Aided OFDM Systems With Symbol Timing Offset}, 
year={2006}, 
volume={}, 
number={}, 
pages={324-329}, 
keywords={OFDM modulation;adjacent channel interference;channel estimation;equalisers;intersymbol interference;radio receivers;FFT window;OFDM receiver;channel correction;channel equalization;channel estimation;channel interpolation;compensation factor;intersymbol interference;phase shift;pilot-aided OFDM systems;subcarrier channels;symbol timing offset;Channel estimation;Delay estimation;Digital audio broadcasting;Digital video broadcasting;Interpolation;Intersymbol interference;Maximum likelihood estimation;OFDM;Sampling methods;Timing}, 
doi={10.1109/EIT.2006.252178}, 
ISSN={2154-0357}, 
month={May},}

@book{weisstein2002crc,
  title={CRC Concise Encyclopedia of Mathematics, Second Edition},
  author={Weisstein, E.W.},
  isbn={9781420035223},
  url={https://books.google.com.br/books?id=D\_XKBQAAQBAJ},
  year={2002},
  publisher={CRC Press}
}


@book{chiueh2012baseband,
  title={Baseband Receiver Design for Wireless MIMO-OFDM Communications},
  author={Chiueh, T.D. and Tsai, P.Y. and Lai, I.W.},
  isbn={9781118188217},
  lccn={2012004247},
  series={Wiley - IEEE},
  url={https://books.google.com.br/books?id=zfX0Ow6x2tkC},
  year={2012},
  publisher={Wiley}
}

@book{bib:chu_black_box,
  title={Inside the FFT Black Box: Serial and Parallel Fast Fourier Transform Algorithms},
  author={Chu, E. and George, A.},
  isbn={9780849302701},
  lccn={99048017},
  series={Computational Mathematics Series},
  url={https://books.google.com.br/books?id=VjkZAQAAIAAJ},
  year={2000},
  publisher={CRC-Press}
}

@book{cho2010mimo,
  title={MIMO-OFDM Wireless Communications with MATLAB},
  author={Cho, Y.S. and Kim, J. and Yang, W.Y. and Kang, C.G.},
  isbn={9780470825624},
  lccn={2010013156},
  series={Wiley - IEEE},
  url={https://books.google.com.br/books?id=6HwAoeuMr3kC},
  year={2010},
  publisher={Wiley}
}

@phdthesis{doc_thesys_sync,
  TITLE = {{Robust time and frequency synchronization in 802.11a communication wireless system}},
  AUTHOR = {Nguyen, Cong Luong},
  URL = {https://tel.archives-ouvertes.fr/tel-01235696},
  NUMBER = {2014PA132019},
  SCHOOL = {{Universit{\'e} Paris-Nord - Paris XIII}},
  YEAR = {2014},
  MONTH = May,
  KEYWORDS = {Communication wireless system ; Communication sans fil},
  TYPE = {Theses},
  PDF = {https://tel.archives-ouvertes.fr/tel-01235696/file/edgalilee_th_2014_nguyen_cong.pdf},
  HAL_ID = {tel-01235696},
  HAL_VERSION = {v1},
}

@INPROCEEDINGS{time_sync_canet,
author={M. J. Canet and V. Almenar and J. Marin-Roig and J. Valls},
booktitle={2007 IEEE 18th International Symposium on Personal, Indoor and Mobile Radio Communications},
title={Time Synchronization for the IEEE 802.11a/g WLAN Standard},
year={2007},
volume={},
number={},
pages={1-5},
keywords={OFDM modulation;multipath channels;wireless LAN;IEEE 802.11a/g WLAN standard;OFDM-WLAN standard;carrier frequency offset;multipath channels;signal to noise ratios;time synchronization;Algorithm design and analysis;Communication standards;Computational efficiency;Frequency synchronization;Land mobile radio;Mobile communication;OFDM;Proposals;Signal detection;Wireless LAN},
doi={10.1109/PIMRC.2007.4394066},
ISSN={2166-9570},
month={Sept},}

@article{boai_icfo,
author = {ai, bo and GE, Jian-hua and Wang, Yong and Yang, Shi-yong and Liu, Pei and Liu, Gang},
year = {2004},
month = {03},
pages = {73 - 77},
title = {Frequency offset estimation for OFDM in wireless communications},
volume = {50},
booktitle = {Consumer Electronics, IEEE Transactions on}
}



@Inbook{daCosta2006,
author="da Costa, Eduardo A. C.
and Monteiro, Jose C.
and Bampi, Sergio",
editor="Glesner, Manfred
and Reis, Ricardo
and Indrusiak, Leandro
and Mooney, Vincent
and Eveking, Hans",
title="Gray Encoded Arithmetic Operators Applied to FFT and FIR Dedicated Datapaths",
bookTitle="VLSI-SOC: From Systems to Chips: IFIP TC 10/ WG 10.5 Twelfth International Conference on Very Large Scale Integration of System on Chip (VLSI-SoC 2003), December 1--3, 2003, Darmstadt, Germany",
year="2006",
publisher="Springer US",
address="Boston, MA",
pages="281--297",
abstract="This paper addresses the use of low power techniques applied to FIR filter and FFT dedicated datapath architectures. New low power arithmetic operators are used as basic modules. In FIR filter and FFT algorithms, 2's complement is the most common encoding for signed operands. We use a new architecture for signed multiplication, which maintains the pure form of an array multiplier. This architecture uses radix-2m encoding, which leads to a reduction of the number of partial lines. Each group of m bits uses the Gray code, thus potentially further reducing the switching activity both internally and at the inputs. The multiplier architecture is applied to the DSP architectures and compared with the state of the art. Due to the characteristics of the FIR filter and FFT algorithms, which involve multiplications of input data with appropriate coefficients, the best ordering of these operations in order to minimize the power consumption in the implemented architectures is also investigated. As will be shown, the use of the low power operators with an appropriate choice of coefficients can contribute for the reduction of power consumption of the FIR and FFT architectures. Additionally, a new algorithm for the partitioning and ordering of the coefficients is presented. This technique is experimented in a Semi-Parallel architecture which enables speedup transformation techniques.",
isbn="978-0-387-33403-5",
doi="10.1007/0-387-33403-3_18",
url="https://doi.org/10.1007/0-387-33403-3_18"
}


@ARTICLE{924059,
author={Youngsoo Shin and Soo-Ik Chae and Kiyoung Choi},
journal={IEEE Transactions on Very Large Scale Integration (VLSI) Systems},
title={Partial bus-invert coding for power optimization of application-specific systems},
year={2001},
volume={9},
number={2},
pages={377-383},
keywords={CMOS digital integrated circuits;application specific integrated circuits;circuit optimisation;integrated circuit design;application-specific systems;bus lines;heuristic algorithm;highly correlated bus lines;multiple subbuses;multiway coding;partial bus-invert coding;power optimization;Bismuth;Capacitance;Clustering algorithms;Electronic switching systems;Encoding;Energy consumption;Heuristic algorithms;Image coding;Packaging;Partitioning algorithms},
doi={10.1109/92.924059},
ISSN={1063-8210},
month={April},}


@electronic{libelium_applications,
 author = {},
 editor = {{LIBELIUM}},
 title = {50 Sensor Applications for a Smarter World},
 url = {http://www.libelium.com/resources/top_50_iot_sensor_applications_ranking/},
 urldate = {14.09.2017},
 originalyear = {2017}
}


@electronic{forbes,
 author = {Gil Press ,},
 editor = {{FORBES}},
 title = {Internet of Things By The Numbers: Market Estimates And Forecasts},
 url = {https://www.forbes.com/sites/gilpress/2014/08/22/internet-of-things-by-the-numbers-market-estimates-and-forecasts/#15dec8d0b919},
 urldate = {14.09.2017},
 originalyear = {22.08.2014}
}

@electronic{cisco,
 author = {Dave Evans},
 editor = {{Cisco}},
 title = {White paper: The Internet of Things How the Next Evolution of the Internet Is Changing Everything},
 url ={https://www.cisco.com/c/dam/en_us/about/ac79/docs/innov/IoT_IBSG_0411FINAL.pdf},
 urldate = {14.09.2017},
 originalyear = {08.2011}
}

@book{proakis1996digital,
  title={Digital Signal Processing: Principles, Algorithms, and Applications},
  author={Proakis, J.G. and Manolakis, D.G.},
  isbn={9780133737622},
  lccn={95009117},
  series={And Intelligent Manufacturing Systems},
  year={1996},
  publisher={Prentice Hall}
}

@misc{mitvlsi,
  author        = {Prof. Vladimir Stojanovic},
  title         = {Lecture Notes Communication System Design 6.973},
  month         = {Spring},
  year          = {2006},
  publisher={Massachusetts Institute of Technology: MIT}
}

@book{chu2000inside,
  title={Inside the FFT Black Box: Serial and Parallel Fast Fourier Transform Algorithms},
  author={Chu, E.C. and George, A.},
  isbn={9780849302701},
  lccn={99048017},
  series={Computational Mathematics Series},
  year={2000},
  publisher={CRC-Press}
}


@inproceedings{ahmed_2013,
  title={{A Low-Power Time-Interleaved 128-point FFT for IEEE 802.15. 3c Standard}},
  author={Ahmed, Tanvir},
  booktitle={Informatics, Electronics \& Vision (ICIEV), 2013 International Conference on},
  pages={1--5},
  year={2013},
  organization={IEEE}
}

@book{sato2015smart,
  title={Smart Grid Standards: Specifications, Requirements, and Technologies},
  author={Sato, T. and Kammen, D.M. and Duan, B. and Macuha, M. and Zhou, Z. and Wu, J. and Tariq, M. and Asfaw, S.A.},
  isbn={9781118653791},
  lccn={2014014868},
   year={2015},
  publisher={Wiley}
}

@article{oruklu_2012,
  title={{Reduced Memory and Low Power Architectures for CORDIC-Based FFT Processors}},
  author={Oruklu, Erdal and Xiao, Xin and Saniie, Jafar},
  journal={Journal of Signal Processing Systems},
  volume={66},
  number={2},
  pages={129--134},
  year={2012},
  publisher={Springer}
}

@book{chiueh_2007,
  title={{OFDM Baseband Receiver Design for Wireless Communications}},
  author={Chiueh, Tzi-Dar and Tsai, Pei-Yun},
  year={2007},
  publisher={John Wiley \& Sons (Asia) Pte Ltd}
}

@INPROCEEDINGS{xiao_2007,
author={Xin Xiao and Oruklu, E. and Saniie, J.},
booktitle={{Electro/Information Technology, 2007 IEEE International Conference on}},
title={{Efficient FFT Engine with Reduced Addressing Logic}},
year={2007},
month={May},
pages={390-395},
doi={10.1109/EIT.2007.4374500}
}

@INPROCEEDINGS{cordic_tiago,
author={Perez, Tiago D. and Lima, Eduardo R. and Meloni, Luis G.},
booktitle={{XXXIV Simp\'{o}sio Brasileiro de Telecomunica\c{c}\~{o}es e Processamento de Sinais - SBrT}},
title={{Um Crit\'{e}rio de Otimiza\c{c}\~{a}o para Implementa\c{c}\~{a}o de um CORDIC Paralelo e sua Aplica\c{c}\~{a}o.}},
year={2016},
month={September}
}

@article{cooley_1965,
  title={{An Algorithm for the Machine Calculation of Complex Fourier Series}},
  author={Cooley, James W and Tukey, John W},
  journal={Mathematics of computation},
  volume={19},
  number={90},
  pages={297--301},
  year={1965},
  publisher={JSTOR}
}

@article{voider1959,
  title={The CORDIC trigonometric computing technique},
  author={Volder, Jack E},
  journal={Electronic Computers, IRE Transactions on},
  number={3},
  pages={330--334},
  year={1959},
  publisher={IEEE}
}

@book{engels_2002,
  title={Wireless OFDM Systems: How to make them work?},
  author={Engels, Marc},
  year={2002},
  publisher={Springer Science \& Business Media}
}

@MISC {sun_std_2012,
    author  = "",
    title   = {IEEE Std. 802.15.4g-2012: ‘Part 15.4: Wireless Medium Access Control and Physical Layer Specifications for Low-Rate Wireless Personal Area Networks – Amendment 4: Physical Layer Specifications for Low Data Rate Wireless Smart Metering Utility Networks},
    year    = "2012",
    month   = "march"
}

@INPROCEEDINGS{fft_wcas2015,
  author = {{Daniel G. Urdaneta, Eduardo R. de Lima, Gabriel S. da Silva, Cesar G. Chaves,
 Jacqueline G. Mertes, and  Luis G.P. Meloni}},
  title = {{FPGA Implementation and ASIC Resource Estimation of an FFT/IFFT for an MR-OFDM
            Transceiver Complaint with IEEE802.15.4g}},
  booktitle = {5th Workshop on Circuits and Systems Design (WCAS 2015)},
  year = {2015},
  address = {Bahia, Brazil},
  month = {September}
}

@INPROCEEDINGS{icfo_wcas2016,
  author = {{Daniel G. Urdaneta, Eduardo R. de Lima, Gabriel S. da Silva, 
 Jacqueline G. Mertes, and  Luis G.P. Meloni}},
  title = {{FFT-Based Integer Carrier Frequency Estimator and
Corrector for IEEE802.15.4g MR-OFDM PHY}},
  booktitle = {6th Workshop on Circuits and Systems Design (WCAS 2016)},
  year = {2016},
  address = {Belo Horizaonte, Brazil},
  month = {September}
}


@article{park2003novel,
  title={A novel timing estimation method for OFDM systems},
  author={Park, Byungjoon and Cheon, Hyunsoo and Kang, Changeon and Hong, Daesik},
  journal={Communications Letters, IEEE},
  volume={7},
  number={5},
  pages={239--241},
  year={2003},
  publisher={IEEE}
}

@MISC{cyclonev_device_overview,
  author = {{Altera Corporation}},
  title = {{Cyclone V Device Overview}},
  month = {June},
  year = {2016},
  note = {\url{https://www.altera.com/en_US/pdfs/literature/hb/cyclone-v/cv_51001.pdf}
    [Accessed 14th Jun 2016]}
}

@INPROCEEDINGS{altera_wp,
  author = {Altera},
  title = {High Performance, Low Cost FPGA Correlator for Wideband CDMA and Other Wireless 
Applications},
  year = {2003},
  month = {May}
}

@MISC{altera_wp_alm,
  author = {{Altera Corporation}},
  title = {{High Performance, Low Cost FPGA Correlator for Wideband CDMA and Other Wireless Applications}},
  month = {May},
  year = {2016}
}

@INPROCEEDINGS{altera_wp_alm,
  author = {Altera},
  title = {Altera White Paper: FPGA Architecture},
  year = {2006},
  month = {July}
}

@book{anton2014machine,
  title={Machine-to-machine (M2M) Communications: Architecture, Performance and Applications},
  author={Anton-Haro, C. and Dohler, M.},
  isbn={9781782421108},
  series={Woodhead Publishing Series in Electronic and Optical Materials},
  year={2014},
  publisher={Elsevier Science}
}

@book{prasad2004ofdm,
  title={OFDM for wireless communications systems},
  author={Prasad, Ramjee},
  year={2004},
  publisher={Artech House}
}

@ARTICLE{ber_cfo_ofdm, 
author={T. Pollet and M. Van Bladel and M. Moeneclaey}, 
journal={IEEE Transactions on Communications}, 
title={BER sensitivity of OFDM systems to carrier frequency offset and Wiener phase noise}, 
year={1995}, 
volume={43}, 
number={2/3/4}, 
pages={191-193}, 
doi={10.1109/26.380034}, 
ISSN={0090-6778}, 
month={Feb}}

@INPROCEEDINGS{denise_iscas2016,
  author = {{Denise. C. Alves, Gabriel. S. da Silva, Eduardo R. de Lima, Cesar G. Chaves, Daniel Urdaneta, Tiago Perez and Maique Garcia}},
  title = {{Architecture design and implementation of key components of an OFDM transceiver for IEEE 802.15.4g}},
  booktitle = {IEEE International Symposium on Circuits and Systems 2016  (ISCAS 2016)},
  year = {2016},
  address = {Montreal, Canada},
  month = {May}
}

@INPROCEEDINGS{gcce2015,
  author = {{Augusto F. R. Queiroz, Gabriel S. da Silva, Cesar G. Chaves, Tiago D. Perez, Daniel G. Urdaneta, Denise C. Alves, Maique C. Garcia, Eduardo R. de Lima}},
  title = {{Demo: FPGA Implementation of an IEEE802.15.4g MR-OFDM Baseband Modem for Smart Utility Networks}},
  booktitle = {4th IEEE Global Conference on Consumer Electronics (GCCE 2015)},
  year = {2015},
  address = {Osaka, Japan},
  month = {October}
}

@INPROCEEDINGS{gcce2015,
  author = {{Augusto F. R. Queiroz, Gabriel S. da Silva, Cesar G. Chaves, Tiago D. Perez, Daniel G. Urdaneta, Denise C. Alves, Maique C. Garcia, Eduardo R. de Lima}},
  title = {{Demo: FPGA Implementation of an IEEE802.15.4g MR-OFDM Baseband Modem for Smart Utility Networks}},
  booktitle = {4th IEEE Global Conference on Consumer Electronics (GCCE 2015)},
  year = {2015},
  address = {Osaka, Japan},
  month = {October}
}

@Article{Kuo2003,
author="Kuo, Jen-Chih
and Wen, Ching-Hua
and Lin, Chih-Hsiu
and Wu, An-Yeu (Andy)",
title="VLSI Design of a Variable-Length FFT/IFFT Processor for OFDM-Based Communication Systems",
journal="EURASIP Journal on Advances in Signal Processing",
year="2003",
volume="2003",
number="13",
pages="439360",
abstract="The technique of orthogonal frequency division multiplexing (OFDM) is famous for its robustness against frequency-selective fading channel. This technique has been widely used in many wired and wireless communication systems. In general, the fast Fourier transform (FFT) and inverse FFT (IFFT) operations are used as the modulation/demodulation kernel in the OFDM systems, and the sizes of FFT/IFFT operations are varied in different applications of OFDM systems. In this paper, we design and implement a variable-length prototype FFT/IFFT processor to cover different specifications of OFDM applications. The cached-memory FFT architecture is our suggested VLSI system architecture to design the prototype FFT/IFFT processor for the consideration of low-power consumption. We also implement the twiddle factor butterfly processing element (PE) based on the coordinate rotation digital computer (CORDIC) algorithm, which avoids the use of conventional multiplication-and-accumulation unit, but evaluates the trigonometric functions using only add-and-shift operations. Finally, we implement a variable-length prototype FFT/IFFT processor with TSMC                                                                        m 1P4M CMOS technology. The simulations results show that the chip can perform (                                                                        -                                                                        )-point FFT/IFFT operations up to                                                                         operating frequency which can meet the speed requirement of most OFDM standards such as WLAN, ADSL, VDSL (                                                                        ), DAB, and                                                                        -mode DVB.",
issn="1687-6180",
doi="10.1155/S1110865703309060",
url="http://dx.doi.org/10.1155/S1110865703309060"
}

@Article{Oruklu2012,
author="Oruklu, Erdal
and Xiao, Xin
and Saniie, Jafar",
title="Reduced Memory and Low Power Architectures for CORDIC-based FFT Processors",
journal="Journal of Signal Processing Systems",
year="2012",
volume="66",
number="2",
pages="129--134",
abstract="This paper presents a pipelined, reduced memory and low power CORDIC-based architecture for fast Fourier transform implementation. The proposed algorithm utilizes a new addressing scheme and the associated angle generator logic in order to remove any ROM usage for storing twiddle factors. As a case study, the radix-2 and radix-4 FFT algorithms have been implemented on FPGA hardware. The synthesis results match the theoretical analysis and it can be observed that more than 20{\%} reduction can be achieved in total memory logic. In addition, the dynamic power consumption can be reduced by as much as 15{\%} by reducing memory accesses.",
issn="1939-8115",
doi="10.1007/s11265-011-0586-x",
url="http://dx.doi.org/10.1007/s11265-011-0586-x"
}

